% [1]
@article{IOT,
Author = {Jaeseung, Lee and Yunsick, Sung and Jong Hyuk, Park},
ISSN = {14248220},
Journal = {Sensors (14248220)},
Keywords = {LIGHTWEIGHT materials, COMPUTER access control, ENERGY consumption, UBIQUITOUS computing, INTERNET of things, ARTIFICIAL intelligence, IoT, IoT authentication, lightweight authentication, sensor authentication, sensor network},
Number = {12},
Pages = {1 - 14},
Title = {Lightweight Sensor Authentication Scheme for Energy Efficiency in Ubiquitous Computing Environments.},
Volume = {16},
URL = {http://search.ebscohost.com/login.aspx?direct=true&db=a9h&AN=120375851&site=eds-live},
Year = {2016},
}

% [2] 
@inproceedings{MobNet,
 author = {Kahn, J. M. and Katz, R. H. and Pister, K. S. J.},
 title = {Next Century Challenges: Mobile Networking for \&Ldquo;Smart Dust\&Rdquo;},
 booktitle = {Proceedings of the 5th Annual ACM/IEEE International Conference on Mobile Computing and Networking},
 series = {MobiCom '99},
 year = {1999},
 isbn = {1-58113-142-9},
 location = {Seattle, Washington, USA},
 pages = {271--278},
 numpages = {8},
 url = {http://doi.acm.org/10.1145/313451.313558},
 doi = {10.1145/313451.313558},
 acmid = {313558},
 publisher = {ACM},
 address = {New York, NY, USA},
}



% [3]
@ARTICLE{Mili, 
author={B. Warneke and M. Last and B. Liebowitz and K. S. J. Pister}, 
journal={Computer}, 
title={Smart Dust: communicating with a cubic-millimeter computer}, 
year={2001}, 
volume={34}, 
number={1}, 
pages={44-51}, 
keywords={computer architecture;distributed sensors;microassembling;semiconductor technology;Smart Dust project;autonomous sensing computing and communication system;connectivity;cubic millimeter mote;cubic-millimeter computer;discrete size;integrated massively distributed sensor networks;low cost;microfabrication technology limitations;small particle;speck;Computer networks;Condition monitoring;Distributed computing;Energy management;Intelligent sensors;Optical receivers;Optical sensors;Pervasive computing;Physics computing;Sensor systems}, 
doi={10.1109/2.895117}, 
ISSN={0018-9162}, 
month={Jan},}

% [4]
@book{lem1973invincible,
  title={The invincible},
  author={Lem, S.},
  isbn={9780816491230},
  lccn={72010574},
  series={A Continuum book},
  url={https://books.google.ie/books?id=jQcaAQAAIAAJ},
  year={1973},
  publisher={Seabury Press, Incorporated}
}

% [5]
@article {STC:STC48,
author = {Spencer, B. F. and Ruiz-Sandoval, Manuel E. and Kurata, Narito},
title = {Smart sensing technology: opportunities and challenges},
journal = {Structural Control and Health Monitoring},
volume = {11},
number = {4},
publisher = {John Wiley & Sons, Ltd.},
issn = {1545-2263},
url = {http://dx.doi.org/10.1002/stc.48},
doi = {10.1002/stc.48},
pages = {349--368},
keywords = {smart sensors, Structural Health Monitoring, wireless sensors},
year = {2004},
}

%[5]
@unknown{MekongDelta,
author = {Lam, Bao and Huynh, Hiep and Yves Lucas, Pierre and Traore, Mahamadou and Pottier, B},
year = {2014},
month = {06},
pages = {},
title = {Monitoring environmental factors in Mekong Delta of Vietnam using Wireless Sensor Network approach}
}